<?xml version="1.0" encoding="UTF-8"?>
<record>
  <leader>02058nas a2200481#c 4500</leader>
  <controlfield tag="003">DE-605</controlfield>
  <controlfield tag="005">20230801094406.0</controlfield>
  <controlfield tag="007">tu</controlfield>
  <controlfield tag="008">101116c20059999gw a||p|  ||| 0||||1ger c</controlfield>
  <controlfield tag="001">990183054020206441</controlfield>
  <datafield tag="015" ind1=" " ind2=" ">
    <subfield code="a">10,B49</subfield>
    <subfield code="2">dnb</subfield>
  </datafield>
  <datafield tag="016" ind1="7" ind2=" ">
    <subfield code="a">2581964-1</subfield>
    <subfield code="2">DE-600</subfield>
  </datafield>
  <datafield tag="016" ind1="7" ind2=" ">
    <subfield code="a">1008326801</subfield>
    <subfield code="2">DE-101</subfield>
  </datafield>
  <datafield tag="035" ind1=" " ind2=" ">
    <subfield code="a">(DE-599)ZDB2581964-1</subfield>
  </datafield>
  <datafield tag="035" ind1=" " ind2=" ">
    <subfield code="a">(OCoLC)724687131</subfield>
  </datafield>
  <datafield tag="035" ind1=" " ind2=" ">
    <subfield code="a">(DE-600)2581964-1</subfield>
  </datafield>
  <datafield tag="035" ind1=" " ind2=" ">
    <subfield code="a">(DE-101)1008326801</subfield>
  </datafield>
  <datafield tag="040" ind1=" " ind2=" ">
    <subfield code="a">0006</subfield>
    <subfield code="b">ger</subfield>
    <subfield code="c">DE-101</subfield>
    <subfield code="d">9001</subfield>
  </datafield>
  <datafield tag="041" ind1=" " ind2=" ">
    <subfield code="a">ger</subfield>
  </datafield>
  <datafield tag="044" ind1=" " ind2=" ">
    <subfield code="c">XA-DE</subfield>
  </datafield>
  <datafield tag="084" ind1=" " ind2=" ">
    <subfield code="a">Westfalen</subfield>
    <subfield code="0">https://nwbib.de/spatial#N04</subfield>
    <subfield code="2">nwbib</subfield>
  </datafield>
  <datafield tag="084" ind1=" " ind2=" ">
    <subfield code="a">Krankenversorgung</subfield>
    <subfield code="0">https://nwbib.de/subjects#N534000</subfield>
    <subfield code="2">nwbib</subfield>
  </datafield>
  <datafield tag="084" ind1=" " ind2=" ">
    <subfield code="a">360</subfield>
    <subfield code="a">610</subfield>
    <subfield code="q">DE-101</subfield>
    <subfield code="2">sdnb</subfield>
  </datafield>
  <datafield tag="084" ind1=" " ind2=" ">
    <subfield code="a">610</subfield>
    <subfield code="q">DE-600</subfield>
    <subfield code="2">sdnb</subfield>
  </datafield>
  <datafield tag="110" ind1="2" ind2=" ">
    <subfield code="a">PsychiatrieVerbund Westfalen</subfield>
    <subfield code="b">Beschwerdekommission</subfield>
    <subfield code="0">(DE-588)16090142-X</subfield>
    <subfield code="4">aut</subfield>
  </datafield>
  <datafield tag="245" ind1="1" ind2="0">
    <subfield code="a">Bericht der Beschwerdekommission</subfield>
    <subfield code="b">für das Jahr ...</subfield>
    <subfield code="c">Hrsg.: Landschaftsverband Westfalen-Lippe, LWL-Abteilung für Krankenhäuser und Gesundheitswesen, LWL-PsychiatrieVerbund Westfalen</subfield>
  </datafield>
  <datafield tag="246" ind1="1" ind2=" ">
    <subfield code="i">Nebent.:</subfield>
    <subfield code="a">LWL - für die Menschen. Für Westfalen-Lippe</subfield>
  </datafield>
  <datafield tag="264" ind1="3" ind2="1">
    <subfield code="a">Münster</subfield>
    <subfield code="b">Landschaftsverb. Westfalen-Lippe</subfield>
    <subfield code="c">2005-</subfield>
  </datafield>
  <datafield tag="300" ind1=" " ind2=" ">
    <subfield code="c">30 cm</subfield>
  </datafield>
  <datafield tag="336" ind1=" " ind2=" ">
    <subfield code="b">txt</subfield>
  </datafield>
  <datafield tag="337" ind1=" " ind2=" ">
    <subfield code="b">n</subfield>
  </datafield>
  <datafield tag="338" ind1=" " ind2=" ">
    <subfield code="b">nc</subfield>
  </datafield>
  <datafield tag="362" ind1="0" ind2=" ">
    <subfield code="a">2004(2005) -</subfield>
  </datafield>
  <datafield tag="363" ind1="0" ind2="1">
    <subfield code="8">1.1\x</subfield>
    <subfield code="i">2004</subfield>
  </datafield>
  <datafield tag="689" ind1="0" ind2="0">
    <subfield code="a">PsychiatrieVerbund Westfalen</subfield>
    <subfield code="b">Beschwerdekommission</subfield>
    <subfield code="D">b</subfield>
    <subfield code="0">(DE-588)16090142-X</subfield>
  </datafield>
  <datafield tag="689" ind1="0" ind2="1">
    <subfield code="a">Bericht</subfield>
    <subfield code="A">f</subfield>
  </datafield>
  <datafield tag="689" ind1="0" ind2=" ">
    <subfield code="5">DE-6</subfield>
    <subfield code="5">DE-605</subfield>
  </datafield>
  <datafield tag="960" ind1="1" ind2=" ">
    <subfield code="n">NWBib-6</subfield>
  </datafield>
  <datafield tag="710" ind1="2" ind2=" ">
    <subfield code="a">Landschaftsverband Westfalen-Lippe</subfield>
    <subfield code="0">(DE-588)1204095035</subfield>
    <subfield code="4">isb</subfield>
  </datafield>
  <datafield tag="776" ind1="0" ind2="8">
    <subfield code="i">Online-Ausg.</subfield>
    <subfield code="a">PsychiatrieVerbund Westfalen / Beschwerdekommission</subfield>
    <subfield code="t">Bericht der Beschwerdekommission  / PsychiatrieVerbund Westfalen, Beschwerdekommission</subfield>
    <subfield code="d">Münster : Landschaftsverband Westfalen-Lippe (LWL), Abteilung für Krankenhäuser und Gesundheitswesen, LWL-PsychiatrieVerbund Westfalen, 2005-</subfield>
    <subfield code="h">Online-Ressource</subfield>
    <subfield code="w">(DE-600)2660705-0</subfield>
  </datafield>
  <datafield tag="655" ind1=" " ind2="7">
    <subfield code="a">Zeitschrift</subfield>
    <subfield code="0">(DE-588)4067488-5</subfield>
    <subfield code="2">gnd-content</subfield>
  </datafield>
  <datafield tag="655" ind1=" " ind2="7">
    <subfield code="a">Bericht</subfield>
    <subfield code="0">(DE-588)4128022-2</subfield>
    <subfield code="2">gnd-content</subfield>
  </datafield>
  <datafield tag="515" ind1=" " ind2=" ">
    <subfield code="a">Ersch. jährl.</subfield>
  </datafield>
  <datafield tag="MBD" ind1=" " ind2=" ">
    <subfield code="M">49HBZ_NETWORK</subfield>
    <subfield code="i">990183054020206441</subfield>
    <subfield code="n">HBZ Network</subfield>
  </datafield>
  <datafield tag="MNG" ind1=" " ind2=" ">
    <subfield code="c">System</subfield>
    <subfield code="f">ZDB</subfield>
    <subfield code="i">marc21</subfield>
    <subfield code="h">20221031120504.0</subfield>
    <subfield code="k">01</subfield>
    <subfield code="e">false</subfield>
    <subfield code="d">2023-08-01 09:44:06 Europe/Berlin</subfield>
    <subfield code="g">018305402-HBZ01</subfield>
    <subfield code="j">90</subfield>
    <subfield code="a">import</subfield>
    <subfield code="b">2021-04-05 20:48:53 Europe/Berlin</subfield>
  </datafield>
</record>
